<?xml version="1.0" encoding="UTF-8"?><record xmlns="http://www.loc.gov/MARC21/slim" xmlns:cinclude="http://apache.org/cocoon/include/1.0" xmlns:zs="http://www.loc.gov/zing/srw/">
  <leader>01566cz  a2200241n  4500</leader>
  <controlfield tag="001">n  79127034 </controlfield>
  <controlfield tag="003">DLC</controlfield>
  <controlfield tag="005">20110723074656.0</controlfield>
  <controlfield tag="008">800624n| acannaabn          |a aaa      </controlfield>
  <datafield tag="010" ind1=" " ind2=" ">
    <subfield code="a">n  79127034 </subfield>
  </datafield>
  <datafield tag="035" ind1=" " ind2=" ">
    <subfield code="a">(OCoLC)oca00358568</subfield>
  </datafield>
  <datafield tag="040" ind1=" " ind2=" ">
    <subfield code="a">DLC</subfield>
    <subfield code="b">eng</subfield>
    <subfield code="c">DLC</subfield>
    <subfield code="d">DLC</subfield>
    <subfield code="d">DNLM</subfield>
    <subfield code="d">DLC</subfield>
    <subfield code="d">OkU</subfield>
    <subfield code="d">OClW-H</subfield>
  </datafield>
  <datafield tag="100" ind1="1" ind2=" ">
    <subfield code="a">Dalton, Katharina,</subfield>
    <subfield code="d">1916-2004</subfield>
  </datafield>
  <datafield tag="400" ind1="1" ind2=" ">
    <subfield code="a">Kuipers, Katharina D.</subfield>
    <subfield code="q">(Katharina Dorothea),</subfield>
    <subfield code="d">1916-2004</subfield>
  </datafield>
  <datafield tag="400" ind1="1" ind2=" ">
    <subfield code="a">Dōruton, K.,</subfield>
    <subfield code="d">1916-2004</subfield>
  </datafield>
  <datafield tag="400" ind1="1" ind2=" ">
    <subfield code="a">Daruton, Kyasarīna,</subfield>
    <subfield code="d">1916-2004</subfield>
  </datafield>
  <datafield tag="670" ind1=" " ind2=" ">
    <subfield code="a">Her The premenstrual syndrome and progesterone therapy, 1984:</subfield>
    <subfield code="b">t.p. (Katharina Dalton)</subfield>
  </datafield>
  <datafield tag="670" ind1=" " ind2=" ">
    <subfield code="a">Her Essentials of chiropody for students, 1944:</subfield>
    <subfield code="b">t.p. (Katharina D. Kuipers, M.I.S.Ch., chiropod., Foot Clinic of the Shoreditch Borough Council; formerly clinician, London Foot Hosp.; Hon. chiropod., Church Army Med. Mission)</subfield>
  </datafield>
  <datafield tag="670" ind1=" " ind2=" ">
    <subfield code="a">Internet, URL: http://www.ijpc.com/dalton.pdf, viewed Jan. 16, 2002</subfield>
    <subfield code="b">p. 1 (Katharina Dalton, MD; formerly chiropodist; principal of the PMS Clinic at Univ. College Hosp.; 1st woman president of the gen. practice section, Royal Society of Medicine)</subfield>
  </datafield>
  <datafield tag="670" ind1=" " ind2=" ">
    <subfield code="a">Wikipedia WWW site, June 17, 2005</subfield>
    <subfield code="b">(Katharina Dalton; d. Sept. 17, 2004, aged 87; pioneered research on premenstrual stress syndrome)</subfield>
  </datafield>
  <datafield tag="670" ind1=" " ind2=" ">
    <subfield code="a">Marquis Who's Who on the Web, Apr. 30, 2007</subfield>
    <subfield code="b">(b. Dec. 11, 1916; d. Sept. 17, 2004)</subfield>
  </datafield>
  <datafield tag="670" ind1=" " ind2=" ">
    <subfield code="a">OCLC, Apr. 30, 2007</subfield>
    <subfield code="b">(usage: K. Dōruton, Kyasarīna Daruton)</subfield>
  </datafield>
  <datafield tag="670" ind1=" " ind2=" ">
    <subfield code="a">Marquis who's who on the Web, July 21, 2011</subfield>
    <subfield code="b">(Katharina Dorothea Dalton, gynecological endocrinologist; b. London, Dec. 11, 1916)</subfield>
  </datafield>
</record>